<record><leader>00000cas a2200000 a 4500</leader><controlfield tag="001">4605914</controlfield><controlfield tag="008">790131c19529999aruwx ne      0   a0eng d</controlfield><datafield ind1=" " ind2=" " tag="010"><subfield code="a">sn 86002019 </subfield></datafield><datafield ind1=" " ind2=" " tag="040"><subfield code="a">AFU</subfield><subfield code="b">eng</subfield><subfield code="c">AFU</subfield><subfield code="d">NSD</subfield><subfield code="d">OCL</subfield><subfield code="d">ANU</subfield><subfield code="d">OCL</subfield><subfield code="d">OCLCQ</subfield><subfield code="d">OCLCF</subfield><subfield code="d">OCLCO</subfield><subfield code="d">OCLCA</subfield></datafield><datafield ind1=" " ind2=" " tag="012"><subfield code="m">1</subfield></datafield><datafield ind1="0" ind2=" " tag="022"><subfield code="a">0888-9074</subfield><subfield code="l">0888-9074</subfield><subfield code="2">1</subfield></datafield><datafield ind1="1" ind2=" " tag="029"><subfield code="a">AU@</subfield><subfield code="b">000025806124</subfield></datafield><datafield ind1=" " ind2=" " tag="032"><subfield code="a">043720</subfield><subfield code="b">USPS</subfield></datafield><datafield ind1=" " ind2=" " tag="042"><subfield code="a">nsdp</subfield></datafield><datafield ind1=" " ind2=" " tag="043"><subfield code="a">n-us-ar</subfield></datafield><datafield ind1="1" ind2="4" tag="082"><subfield code="a">286</subfield><subfield code="2">11</subfield></datafield><datafield ind1="0" ind2=" " tag="130"><subfield code="a">Baptist trumpet (Little Rock Ark.)</subfield></datafield><datafield ind1=" " ind2="0" tag="222"><subfield code="a">Baptist trumpet</subfield><subfield code="b">(Little Rock, Ark.)</subfield></datafield><datafield ind1="1" ind2="0" tag="245"><subfield code="a">Baptist trumpet.</subfield></datafield><datafield ind1=" " ind2=" " tag="260"><subfield code="a">Little Rock, Ark. :</subfield><subfield code="b">Baptist Missionary Association of Arkansas</subfield></datafield><datafield ind1=" " ind2=" " tag="300"><subfield code="a">v. :</subfield><subfield code="b">ill., ports.</subfield></datafield><datafield ind1=" " ind2=" " tag="310"><subfield code="a">Weekly (irregular)</subfield></datafield><datafield ind1="0" ind2=" " tag="362"><subfield code="a">Feb. 13, 1952-</subfield></datafield><datafield ind1=" " ind2=" " tag="515"><subfield code="a">Feb. 13, 1952 issue is numbered vol. 12.</subfield></datafield><datafield ind1=" " ind2="0" tag="650"><subfield code="a">Baptists</subfield><subfield code="z">Arkansas</subfield><subfield code="v">Newspapers.</subfield></datafield><datafield ind1=" " ind2="7" tag="655"><subfield code="a">Newspapers.</subfield><subfield code="2">fast</subfield><subfield code="0">(OCoLC)fst01423814</subfield></datafield><datafield ind1=" " ind2="7" tag="650"><subfield code="a">Baptists.</subfield><subfield code="2">fast</subfield><subfield code="0">(OCoLC)fst00827285</subfield></datafield><datafield ind1=" " ind2="7" tag="651"><subfield code="a">Arkansas.</subfield><subfield code="2">fast</subfield><subfield code="0">(OCoLC)fst01204809</subfield></datafield><datafield ind1="2" ind2=" " tag="710"><subfield code="a">Baptist Missionary Association of Arkansas.</subfield></datafield><datafield ind1=" " ind2=" " tag="752"><subfield code="a">United States</subfield><subfield code="b">Arkansas</subfield><subfield code="c">Pulaski</subfield><subfield code="d">Little Rock.</subfield></datafield><datafield ind1="0" ind2="0" tag="780"><subfield code="t">Temple trumpet</subfield><subfield code="w">(DLC)sn</subfield><subfield code="w">(OCoLC)22884284</subfield></datafield></record>